@MISC{povWiki,
	author = {Wikipedia},
	title = {Persistence of vision},
	howpublished = {\url{http://en.wikipedia.org/wiki/Persistence_of_vision}}
}

@MISC{docDiscovery,
	author = {STMicroelectronics},
	title = {Documentacion STM32F4-Discovery},
	howpublished = {\url{http://www.st.com/web/catalog/tools/FM116/SC959/SS1532/PF252419}}
}

@MISC{firmPack,
	author = {STMicroelectronics},
	title = {STM32F4Discovery board firmware package},
	howpublished = {\url{http://www.st.com/web/en/catalog/tools/PF257904}},
	note = {Ejemplos de las notas de aplicacion}
}

@MISC{ledsDS,
	author = {STMicroelectronics},
	title = {Datasheet LED WS2812s},
	howpublished = {\url{https://www.sparkfun.com/products/12025}}
}

@MISC{infrarrojosDS,
	author = {STMicroelectronics},
	title = {Datasheets kit infrarrojos},
	howpublished = {\url{https://www.sparkfun.com/products/11761}}
}
